@InProceedings{BICA2010,
	author = "Francisco Martín and José María Cañas and Carlos Agüero and Eduardo Perdices",
	title = "Behavior-based {Iterative Component Architecture} for robotic applications with the {Nao} humanoid",
	booktitle = "Proceedings of WAF2010 XI Physical Agents Workshop",
	pages = "131-142",
	year = 2010,
}

@MastersThesis{Rocapal,
	author = "Calvo Palomino, Roberto",
	title = "Comportamiento sigue personas con visión direccional",
	school = "Universidad Rey Juan Carlos",
	year = "2008",
	type = "Proyecto {Fin} de {Carrera}"
}

@article{BICA2013,
    author    = "Francisco Martín and Carlos E. Agüero and José M. Cañas",
    title     = "A Simple, Efficient, and Scalable Behavior-based Architecture for Robotic Applications",
    journal   = "Robotics \& Automation Magazine, IEEE",
    year      = "2013",
    volume    = "V",
    number    = "N",
}

@article{Alzheimer2013,
    author    = "Francisco Martín and Carlos E. Agüero and José M. Cañas and Gonzalo Abella and Raúl Benítez and Sergio Rivero and Meritxell Valenti and Pablo Martinez-Martín",
    title     = "Robots in Therapy for Dementia Patients",
    journal   = "JoPhA, Journal of Physical Agents",
    year      = "2013",
}

@article{RobotRecognition,
    author    = "Alexander Fabisch and Tim Laue and Thomas Röfer",
    title     = "Robot Recognition and Modeling in the RoboCup Standard Platform League",
}

@article{MultiHypothesis,
    author    = "Loris Bazzani and Domenico Bloisi and Vittorio Murion",
    title     = "A Comparison of Multi Hypothesis Kalman Filter and Particle Filter for Multi-target Tracking",
}

@article{MultiObjectsManuela,
    author    = "Kwun Han and Manuela Veloso",
    title     = "Physical Model Based Multi-objects Tracking and Prediction in RoboSoccer",
}

@mastersthesis{RobotsEnTerapias2012,
    author    = "Gonzalo Abella",
    title     = "Uso de robots en terapias de Alzheimer",
    school    = "Universidad Rey Juan Carlos",
    type     = "Proyecto Fin de Carrera",
    year      = "2012",
}

